@book{aho:parsing,
 author = {Alfred V. Aho and Jeffrey D. Ullman},
 title = {The  Theory of Parsing, Translation, and Compiling},
 year = {1972},
 isbn = {0139145567},
 publisher = {Prentice Hall Professional Technical Reference},
 }

@inproceedings{ford:packrat,
 author = {Bryan Ford},
 title = {Packrat parsing:: simple, powerful, lazy, linear time, functional pearl},
 booktitle = {ICFP '02: Proceedings of the seventh ACM SIGPLAN international conference on Functional programming},
 year = {2002},
 isbn = {1-58113-487-8},
 pages = {36--47},
 location = {Pittsburgh, PA, USA},
 doi = {http://doi.acm.org/10.1145/581478.581483},
 publisher = {ACM},
 address = {New York, NY, USA},
}


@inproceedings{ford:peg,
 author = {Bryan Ford},
 title = {Parsing expression grammars: a recognition-based syntactic foundation},
 booktitle = {POPL '04: Proceedings of the 31st ACM SIGPLAN-SIGACT symposium on Principles of programming languages},
 year = {2004},
 isbn = {1-58113-729-X},
 pages = {111--122},
 location = {Venice, Italy},
 doi = {http://doi.acm.org/10.1145/964001.964011},
 publisher = {ACM},
 address = {New York, NY, USA},
}


@mastersthesis{ford:thesis,
 author = {Bryan Ford},
 title = {Packrat {P}arsing: a {P}ractical {L}inear-{T}ime {A}lgorithm with {B}acktracking},
 school = {Massachusetts Institute of Technology},
 year = {2002},
}

@book{friedman:essentials,
 author = {Daniel P. Friedman and Christopher T. Haynes and Mitchell Wand},
 title = {Essentials of programming languages (2nd ed.)},
 year = {2001},
 isbn = {0-262-06217-8},
 publisher = {Massachusetts Institute of Technology},
 address = {Cambridge, MA, USA},
}


@book{hutton:haskell,
 author = {Graham Hutton},
 title = {Programming in Haskell},
 year = {2007},
 isbn = {0139145567},
 publisher = {Cambridge University Press},
 }


@inproceedings{hosoya:xml,
 author = {Hosoya,, Haruo and Pierce,, Benjamin},
 title = {Regular expression pattern matching for {XML}},
 booktitle = {POPL '01: Proceedings of the 28th ACM SIGPLAN-SIGACT symposium on Principles of {P}rogramming {L}anguages},
 year = {2001},
 isbn = {1-58113-336-7},
 pages = {67--80},
 location = {London, United Kingdom},
 doi = {http://doi.acm.org/10.1145/360204.360209},
 publisher = {ACM},
 address = {New York, NY, USA},
 }

@article{hosoya:toplas,
 author = {Hosoya,, Haruo and Vouillon,, J\'{e}r\^{o}me and Pierce,, Benjamin C.},
 title = {Regular expression types for {XML}},
 journal = {ACM Transactions on Programming Languages and Systems (TOPLAS)},
 volume = {27},
 number = {1},
 year = {2005},
 issn = {0164-0925},
 pages = {46--90},
 doi = {http://doi.acm.org/10.1145/1053468.1053470},
 publisher = {ACM},
 address = {New York, NY,},
}


@article{hutton:monadic1,
 author = "Graham Hutton and Erik Meijer",
 title = "{Monadic Parsing in Haskell}",
 journal = "Journal of Functional Programming",
 publisher = "Cambridge University Press",
 volume = 8,
 number = 4,
 month = jul,
 year = 1998,
 pages = "437--444"
}

@book{milner:ml,
 author = {Milner,, Robin and Tofte,, Mads and Harper,, Robert},
 title = {The definition of Standard ML},
 year = {1990},
 isbn = {0-262-63132-6},
 publisher = {MIT Press},
 address = {Cambridge, MA, USA},
}

@techreport{hutton:monadic2,
 author = "Graham Hutton and Erik Meijer",
 title = "{Monadic Parser Combinators}",
 institution = "Department of Computer Science,
                University of Nottingham",
 type = "Technical Report",
 number = "NOTTCS-TR-96-4",
 year = 1996
}


@article{knuth:topdown,
  author    = {Donald E. Knuth},
  title     = {Top-Down Syntax Analysis},
  journal   = {Acta Inf.},
  volume    = {1},
  year      = {1971},
  pages     = {79-110},
  bibsource = {DBLP, http://dblp.uni-trier.de}
}


@misc{leg,
    title = {peg/leg - recursive-descent parser generators for {C}},
    key = {LPEG},
	howpublished =  "{Available at http://piumarta.com/software/peg/}",
    month = {}, 
    year = {2008},
    note = {Visited on June 2008}
}


@techreport{leijen:parsec,
 author = {D. J. P. Leijen and H. J. M. Meijer},
 year = 2001,
 title = {Parsec: Direct style monadic parser combinators for the real world},
 number = {UU-CS-2001-35},
 institution = {Department of Information and Computing Sciences, Utrecht University},
 urlpdf = {{http://www.cs.uu.nl/research/techreps/repo/CS-2001/2001-35.pdf}},
 pubcat = {techreport}
}

@inproceedings{dls:lpeg,
 author = {Medeiros,, S\'{e}rgio and Ierusalimschy,, Roberto},
 title = {A parsing machine for {PEG}s},
 booktitle = {DLS '08: Proceedings of the 2008 symposium on Dynamic languages},
 year = {2008},
 isbn = {978-1-60558-270-2},
 pages = {1--12},
 location = {Paphos, Cyprus},
 doi = {http://doi.acm.org/10.1145/1408681.1408683},
 publisher = {ACM},
 address = {New York, NY, USA},
}

@article{roberto:lpeg,
 author = {Roberto Ierusalimschy},
 title = {A text pattern-matching tool based on {P}arsing {E}xpression {G}rammars},
 journal = {Software - Practice and Experience},
 volume = {39},
 number = {3},
 year = {2009},
 pages = {221--258},
 publisher = {John Wiley \& Sons, Inc.},
 address = {New York, NY, USA},
 }


@article{lua96,
 author = {Roberto Ierusalimschy and Luiz Henrique de Figueiredo and Waldemar Celes Filho},
 title = {Lua - an extensible extension language},
 journal = {Software - Practice and Experience},
 volume = {26},
 number = {6},
 year = {1996},
 issn = {0038-0644},
 pages = {635--652},
 doi = {http://dx.doi.org/10.1002/(SICI)1097-024X(199606)26:6<635::AID-SPE26>3.0.CO;2-P},
 publisher = {John Wiley \& Sons, Inc.},
 address = {New York, NY, USA},
}

@book{pil2,
 author = {Roberto Ierusalimschy},
 title = {Programming in Lua, Second Edition},
 year = {2006},
 isbn = {8590379825},
 publisher = {Lua.Org},
}



@inproceedings{grimm:rats,
 author = {Robert Grimm},
 title = {Better extensibility through modular syntax},
 booktitle = {PLDI '06: Proceedings of the 2006 ACM SIGPLAN conference on Programming language design and implementation},
 year = {2006},
 isbn = {1-59593-320-4},
 pages = {38--51},
 location = {Ottawa, Ontario, Canada},
 doi = {http://doi.acm.org/10.1145/1133981.1133987},
 publisher = {ACM},
 address = {New York, NY, USA},
}

@article{roman:parser,
	author = "Roman R. Redziejowski",
	title = "Parsing Expression Grammar as a primitive recursive-descent parser with backtracking",
	journal = {Fundamenta Informaticae},
	volume = {3--4},
	number = {79},
 	publisher = {IOS Press},
	pages = {513-524},
	year = {2007}
}

@article{thompson:regular,
 author = {Ken Thompson},
 title = {Programming Techniques: Regular expression search algorithm},
 journal = {Commun. ACM},
 volume = {11},
 number = {6},
 year = {1968},
 issn = {0001-0782},
 pages = {419--422},
 doi = {http://doi.acm.org/10.1145/363347.363387},
 publisher = {ACM},
 address = {New York, NY, USA},
 }


@inproceedings{warth:ometa,
 author = {Alessandro Warth and Ian Piumarta},
 title = {OMeta: an object-oriented language for pattern matching},
 booktitle = {DLS '07: Proceedings of the 2007 symposium on Dynamic languages},
 year = {2007},
 isbn = {978-1-59593-868-8},
 pages = {11--19},
 location = {Montreal, Quebec, Canada},
 doi = {http://doi.acm.org/10.1145/1297081.1297086},
 publisher = {ACM},
 address = {New York, NY, USA},
}

@phdthesis{warth:thesis,
 author = {Alessandro Warth},
 title = {Experimenting with {P}rogramming {L}anguages},
 school = {University of California Los Angeles},
 year = {2009},
}

@techreport{wright:pattern,
 author = {Andrew K. Wright},
 title = {Pattern {M}atching for {S}cheme},
 institution = "Department of Computer Science, Rice University",
 type = "Technical Report",
 year = 1996
}

@book{spj:haskell,
	author = {Peyton Jones, Simon  },
	booktitle = {Haskell 98 Language and Libraries: the Revised Report},
	publisher = {Cambridge University Press},
	title = {Haskell 98 Language and Libraries: the Revised Report},
	year = {2003}
}

@book{spj:functional,
 author = {Peyton Jones,, Simon L.},
 title = {The Implementation of Functional Programming Languages (Prentice-Hall International Series in Computer Science)},
 year = {1987},
 isbn = {013453333X},
 publisher = {Prentice-Hall, Inc.},
 address = {Upper Saddle River, NJ, USA},
 }
